<record><leader>00000cas a22000007a 4500</leader><controlfield tag="001">15376640</controlfield><controlfield tag="008">870327d18761uuuinudn ne      0    0eng d</controlfield><datafield ind1=" " ind2=" " tag="010"><subfield code="a">sn 87055676 </subfield></datafield><datafield ind1=" " ind2=" " tag="040"><subfield code="a">NPI</subfield><subfield code="b">eng</subfield><subfield code="c">NPI</subfield><subfield code="d">OCLCQ</subfield></datafield><datafield ind1=" " ind2=" " tag="042"><subfield code="a">msc</subfield></datafield><datafield ind1="0" ind2="4" tag="245"><subfield code="a">The Terre Haute daily mail.</subfield></datafield><datafield ind1=" " ind2=" " tag="260"><subfield code="a">Terre Haute, Ind. :</subfield><subfield code="b">P.S. Westfall,</subfield><subfield code="c">1876-</subfield></datafield><datafield ind1=" " ind2=" " tag="300"><subfield code="a">v.</subfield></datafield><datafield ind1=" " ind2=" " tag="310"><subfield code="a">Daily (except Sun.)</subfield></datafield><datafield ind1="0" ind2=" " tag="362"><subfield code="a">Vol. 1, no. 1 (Aug. 28, 1876)-</subfield></datafield><datafield ind1=" " ind2=" " tag="580"><subfield code="a">Issued also in weekly eds. called: Saturday evening mail (Terre Haute, Ind. : City ed.), and: Saturday evening mail (Terre Haute, Ind. : Country ed.).</subfield></datafield><datafield ind1=" " ind2=" " tag="752"><subfield code="a">United States</subfield><subfield code="b">Indiana</subfield><subfield code="c">Vigo</subfield><subfield code="d">Terre Haute.</subfield></datafield><datafield ind1="1" ind2=" " tag="775"><subfield code="t">Saturday evening mail (Terre Haute, Ind. : City ed.)</subfield><subfield code="w">(DLC)sn 84038182</subfield><subfield code="w">(OCoLC)11253774</subfield></datafield><datafield ind1="1" ind2=" " tag="775"><subfield code="t">Saturday evening mail (Terre Haute, Ind. : Country ed.)</subfield><subfield code="w">(DLC)sn 84038183</subfield><subfield code="w">(OCoLC)11253792</subfield></datafield></record>